
% Journals

% First the Full Name is given, then the abbreviation used in the AMS Math
% Reviews, with an indication if it could not be found there.
% Note the 2nd overwrites the 1st, so swap them if you want the full name.

 %{AMS}
 @String{AMSTrans = "American Mathematical Society Translations" }
 @String{AMSTrans = "Amer. Math. Soc. Transl." }
 @String{BullAMS = "Bulletin of the American Mathematical Society" }
 @String{BullAMS = "Bull. Amer. Math. Soc." }
 @String{ProcAMS = "Proceedings of the American Mathematical Society" }
 @String{ProcAMS = "Proc. Amer. Math. Soc." }
 @String{TransAMS = "Transactions of the American Mathematical Society" }
 @String{TransAMS = "Trans. Amer. Math. Soc." }

 %ACM
 @String{CACM = "Communications of the {ACM}" }
 @String{CACM = "Commun. {ACM}" }
 @String{CompServ = "Comput. Surveys" }
 @String{JACM = "J. ACM" }
 @String{ACMMathSoft = "{ACM} Transactions on Mathematical Software" }
 @String{ACMMathSoft = "{ACM} Trans. Math. Software" }
 @String{SIGNUM = "{ACM} {SIGNUM} Newsletter" }
 @String{SIGNUM = "{ACM} {SIGNUM} Newslett." }

 @String{AmerSocio = "American Journal of Sociology" }
 @String{AmerStatAssoc = "Journal of the American Statistical Association" }
 @String{AmerStatAssoc = "J. Amer. Statist. Assoc." }
 @String{ApplMathComp = "Applied Mathematics and Computation" }
 @String{ApplMathComp = "Appl. Math. Comput." }
 @String{AmerMathMonthly = "American Mathematical Monthly" }
 @String{AmerMathMonthly = "Amer. Math. Monthly" }
 @String{BIT = "{BIT}" }
 @String{BritStatPsych = "British Journal of Mathematical and Statistical
          Psychology" }
 @String{BritStatPsych = "Brit. J. Math. Statist. Psych." }
 @String{CanMathBull = "Canadian Mathematical Bulletin" }
 @String{CanMathBull = "Canad. Math. Bull." }
 @String{CompApplMath = "Journal of Computational and Applied Mathematics" }
 @String{CompApplMath = "J. Comput. Appl. Math." }
 @String{CompPhys = "Journal of Computational Physics" }
 @String{CompPhys = "J. Comput. Phys." }
 @String{CompStruct = "Computers and Structures" }
 @String{CompStruct = "Comput. \& Structures" }
 @String{CompJour = "The Computer Journal" }
 @String{CompJour = "Comput. J." }
 @String{CompSysSci = "Journal of Computer and System Sciences" }
 @String{CompSysSci = "J. Comput. System Sci." }
 @String{Computing = "Computing" }
 @String{ContempMath = "Contemporary Mathematics" }
 @String{ContempMath = "Contemp. Math." }
 @String{Crelle = "Crelle's Journal" }
 @String{GiornaleMath = "Giornale di Mathematiche" }
 @String{GiornaleMath = "Giorn. Mat." } % didn't find in AMS MR., ibid.

 %IEEE
 @String{Computer = "{IEEE} Computer" }
 @String{IEEETransComp = "{IEEE} Transactions on Computers" }
 @String{IEEETransComp = "{IEEE} Trans. Comput." }
 @String{IEEETransAC = "{IEEE} Transactions on Automatic Control" }
 @String{IEEETransAC = "{IEEE} Trans. Automat. Control" }
 @String{IEEESpec = "{IEEE} Spectrum" } % didn't find in AMS MR
 @String{ProcIEEE = "Proceedings of the {IEEE}" }
 @String{ProcIEEE = "Proc. {IEEE}" } % didn't find in AMS MR
 @String{IEEETransAeroElec = "{IEEE} Transactions on Aerospace and Electronic
     Systems" }
 @String{IEEETransAeroElec = "{IEEE} Trans. Aerospace Electron. Systems" }

 @String{IMANumerAna = "{IMA} Journal of Numerical Analysis" }
 @String{IMANumerAna = "{IMA} J. Numer. Anal." }
 @String{InfProcLet = "Information Processing Letters" }
 @String{InfProcLet = "Inform. Process. Lett." }
 @String{InstMathApp = "Journal of the Institute of Mathematics and
     its Applications" }
 @String{InstMathApp = "J. Inst. Math. Appl." }
 @String{IntControl = "International Journal of Control" }
 @String{IntControl = "Internat. J. Control" }
 @String{IntNumerEng = "International Journal for Numerical Methods in
     Engineering" }
 @String{IntNumerEng = "Internat. J. Numer. Methods Engrg." }
 @String{IntSuper = "International Journal of Supercomputing Applications" }
 @String{IntSuper = "Internat. J. Supercomputing Applic." } % didn't find
%% in AMS MR
 @String{Kibernetika = "Kibernetika" }
 @String{JResNatBurStand = "Journal of Research of the National Bureau
     of Standards" }
 @String{JResNatBurStand = "J. Res. Nat. Bur. Standards" }
 @String{LinAlgApp = "Linear Algebra and its Applications" }
 @String{LinAlgApp = "Linear Algebra Appl." }
 @String{MathAnaAppl = "Journal of Mathematical Analysis and Applications" }
 @String{MathAnaAppl = "J. Math. Anal. Appl." }
 @String{MathAnnalen = "Mathematische Annalen" }
 @String{MathAnnalen = "Math. Ann." }
 @String{MathPhys = "Journal of Mathematical Physics" }
 @String{MathPhys = "J. Math. Phys." }
 @String{MathComp = "Mathematics of Computation" }
 @String{MathComp = "Math. Comp." }
 @String{MathScand = "Mathematica Scandinavica" }
 @String{MathScand = "Math. Scand." }
 @String{TablesAidsComp = "Mathematical Tables and Other Aids to Computation" }
 @String{TablesAidsComp = "Math. Tables Aids Comput." }
 @String{NumerMath = "Numerische Mathematik" }
 @String{NumerMath = "Numer. Math." }
 @String{PacificMath = "Pacific Journal of Mathematics" }
 @String{PacificMath = "Pacific J. Math." }
 @String{ParDistComp = "Journal of Parallel and Distributed Computing" }
 @String{ParDistComp = "J. Parallel and Distrib. Comput." } % didn't find
%% in AMS MR
 @String{ParComputing = "Parallel Computing" }
 @String{ParComputing = "Parallel Comput." }
 @String{PhilMag = "Philosophical Magazine" }
 @String{PhilMag = "Philos. Mag." }
 @String{ProcNAS = "Proceedings of the National Academy of Sciences
                    of the USA" }
 @String{ProcNAS = "Proc. Nat. Acad. Sci. U. S. A." }
 @String{Psychometrika = "Psychometrika" }
 @String{QuartMath = "Quarterly Journal of Mathematics, Oxford, Series (2)" }
 @String{QuartMath = "Quart. J. Math. Oxford Ser. (2)" }
 @String{QuartApplMath = "Quarterly of Applied Mathematics" }
 @String{QuartApplMath = "Quart. Appl. Math." }
 @String{RevueInstStat = "Review of the International Statisical Institute" }
 @String{RevueInstStat = "Rev. Inst. Internat. Statist." }

 %SIAM
 @String{JSIAM = "Journal of the Society for Industrial and Applied
     Mathematics" }
 @String{JSIAM = "J. Soc. Indust. Appl. Math." }
 @String{JSIAMB = "Journal of the Society for Industrial and Applied
     Mathematics, Series B, Numerical Analysis" }
 @String{JSIAMB = "J. Soc. Indust. Appl. Math. Ser. B Numer. Anal." }
 @String{SIAMAlgMeth = "{SIAM} Journal on Algebraic and Discrete Methods" }
 @String{SIAMAlgMeth = "{SIAM} J. Algebraic Discrete Methods" }
 @String{SIAMAppMath = "{SIAM} Journal on Applied Mathematics" }
 @String{SIAMAppMath = "{SIAM} J. Appl. Math." }
 @String{SIAMComp = "{SIAM} Journal on Computing" }
 @String{SIAMComp = "{SIAM} J. Comput." }
 @String{SIAMMatrix = "{SIAM} Journal on Matrix Analysis and Applications" }
 @String{SIAMMatrix = "{SIAM} J. Matrix Anal. Appl." }
 @String{SIAMNumAnal = "{SIAM} Journal on Numerical Analysis" }
 @String{SIAMNumAnal = "{SIAM} J. Numer. Anal." }
 @String{SIAMReview = "{SIAM} Review" }
 @String{SIAMReview = "{SIAM} Rev." }
 @String{SIAMSciStat = "{SIAM} Journal on Scientific and Statistical
     Computing" }
 @String{SIAMSciStat = "{SIAM} J. Sci. Statist. Comput." }

 @String{SoftPracExp = "Software Practice and Experience" }
 @String{SoftPracExp = "Software Prac. Experience" } % didn't find in AMS MR
 @String{StatScience = "Statistical Science" }
 @String{StatScience = "Statist. Sci." }
 @String{Techno = "Technometrics" }
 @String{USSRCompMathPhys = "{USSR} Computational Mathematics and Mathematical
     Physics" }
 @String{USSRCompMathPhys = "{U. S. S. R.} Comput. Math. and Math. Phys." }
 @String{VLSICompSys = "Journal of {VLSI} and Computer Systems" }
 @String{VLSICompSys = "J. {VLSI} Comput. Syst." }
 @String{ZAngewMathMech = "Zeitschrift fur Angewandte Mathematik und
     Mechanik" }
 @String{ZAngewMathMech = "Z. Angew. Math. Mech." }
 @String{ZAngewMathPhys = "Zeitschrift fur Angewandte Mathematik und Physik" }
 @String{ZAngewMathPhys = "Z. Angew. Math. Phys." }

% Publishers % ================================================= |

 @String{Academic = "Academic Press" }
 @String{ACMPress = "{ACM} Press" }
 @String{AdamHilger = "Adam Hilger" }
 @String{AddisonWesley = "Addison-Wesley" }
 @String{AllynBacon = "Allyn and Bacon" }
 @String{AMS = "American Mathematical Society" }
 @String{Birkhauser = "Birkha{\"u}ser" }
 @String{CambridgePress = "Cambridge University Press" }
 @String{Chelsea = "Chelsea" }
 @String{ClaredonPress = "Claredon Press" }
 @String{DoverPub = "Dover Publications" }
 @String{Eyolles = "Eyolles" }
 @String{HoltRinehartWinston = "Holt, Rinehart and Winston" }
 @String{Interscience = "Interscience" }
 @String{JohnsHopkinsPress = "The Johns Hopkins University Press" }
 @String{JohnWileySons = "John Wiley and Sons" }
 @String{Macmillan = "Macmillan" }
 @String{MathWorks = "The Math Works Inc." }
 @String{McGrawHill = "McGraw-Hill" }
 @String{NatBurStd = "National Bureau of Standards" }
 @String{NorthHolland = "North-Holland" }
 @String{OxfordPress = "Oxford University Press" }  %address Oxford or London?
 @String{PergamonPress = "Pergamon Press" }
 @String{PlenumPress = "Plenum Press" }
 @String{PrenticeHall = "Prentice-Hall" }
 @String{SIAMPub = "{SIAM} Publications" }
 @String{Springer = "Springer-Verlag" }
 @String{TexasPress = "University of Texas Press" }
 @String{VanNostrand = "Van Nostrand" }
 @String{WHFreeman = "W. H. Freeman and Co." }

%Entries

@article{lazerson:lightweight_monitoring,
  author = {Lazerson, Arnon and Keren, Daniel and Schuster, Assaf},
  title = {Lightweight Monitoring of Distributed Streams},
  journal = {ACM Trans. Database Syst.},
  issue_date = {September 2018},
  volume = {43},
  number = {2},
  month = jul,
  year = {2018},
  ___issn = {0362-5915},
  pages = {9:1--9:37},
  articleno = {9},
  numpages = {37},
  ___url = {http://doi.acm.org/10.1145/3226113},
  ___doi = {10.1145/3226113},
  ___acmid = {3226113},
  ___publisher = {ACM},
  ___address = {New York, NY, USA},
}

@inproceedings{maclaurin2015autograd,
  title={Autograd: Effortless gradients in numpy},
  author={Maclaurin, Dougal and Duvenaud, David and Adams, Ryan P},
  booktitle={ICML 2015 AutoML Workshop},
  volume={238},
  year={2015}
}

@software{jax2018github,
  author = {James Bradbury and Roy Frostig and Peter Hawkins and Matthew James Johnson and Chris Leary and Dougal Maclaurin and George Necula and Adam Paszke and Jake Vander{P}las and Skye Wanderman-{M}ilne and Qiao Zhang},
  title = {{JAX}: composable transformations of {P}ython+{N}um{P}y programs},
  url = {http://github.com/google/jax},
  version = {0.2.5},
  year = {2018},
}

@software{autodiff,
    url = {https://autodiff.github.io/},
    author = {Allan Leal},
    title = {autodiff},
    year = {2021}
}

@inproceedings{lazerson:one_for_all,
    author = {Lazerson, Arnon and Gabel, Moshe and Keren, Daniel and Schuster, Assaf},
    title = {One for All and All for One: Simultaneous Approximation of Multiple Functions over Distributed Streams},
    year = {2017},
    ___isbn = {9781450350655},
    ___publisher = {Association for Computing Machinery},
    ___address = {New York, NY, USA},
    ___url = {https://doi.org/10.1145/3093742.3093918},
    ___doi = {10.1145/3093742.3093918},
    booktitle = {Proceedings of the 11th ACM International Conference on Distributed and Event-Based Systems},
    pages = {203–214},
    numpages = {12},
    ___location = {Barcelona, Spain},
    series = {DEBS '17}
}

@INPROCEEDINGS{gabel:variance_monitoring,
  author={M. {Gabel} and A. {Schuster} and D. {Keren}},
  booktitle={2014 IEEE 28th International Parallel and Distributed Processing Symposium}, 
  title={Communication-Efficient Distributed Variance Monitoring and Outlier Detection for Multivariate Time Series}, 
  year={2014},
  volume={},
  number={},
  pages={37-47},
  ___doi={10.1109/IPDPS.2014.16}
}

@inproceedings{gabel:entropy_approximation,
    author = {Gabel, Moshe and Keren, Daniel and Schuster, Assaf},
    title = {Anarchists, Unite: Practical Entropy Approximation for Distributed Streams},
    year = {2017},
    ___isbn = {9781450348874},
    ___publisher = {Association for Computing Machinery},
    ___address = {New York, NY, USA},
    ___url = {https://doi.org/10.1145/3097983.3098092},
    ___doi = {10.1145/3097983.3098092},
    booktitle = {Proceedings of the 23rd ACM SIGKDD International Conference on Knowledge Discovery and Data Mining},
    pages = {837–846},
    numpages = {10},
    ___keywords = {entropy estimation, distributed streams, data mining},
    ___location = {Halifax, NS, Canada},
    series = {KDD '17}
}

@inproceedings{gabel:monitoring_least_squares,
    author = {Gabel, Moshe and Keren, Daniel and Schuster, Assaf},
    title = {Monitoring Least Squares Models of Distributed Streams},
    year = {2015},
    ___isbn = {9781450336642},
    ___publisher = {Association for Computing Machinery},
    ___address = {New York, NY, USA},
    ___url = {https://doi.org/10.1145/2783258.2783349},
    ___doi = {10.1145/2783258.2783349},
    booktitle = {Proceedings of the 21th ACM SIGKDD International Conference on Knowledge Discovery and Data Mining},
    pages = {319–328},
    numpages = {10},
    ___keywords = {least squares, distributed streams, data mining, regression},
    ___location = {Sydney, NSW, Australia},
    series = {KDD '15}
}

@INPROCEEDINGS{distributed_data_management,
  author={T. P. {Raptis} and A. {Passarella}},
  booktitle={2017 IEEE 13th International Conference on Wireless and Mobile Computing, Networking and Communications (WiMob)}, 
  title={A distributed data management scheme for industrial IoT environments},
  year={2017},
  volume={},
  number={},
  pages={196-203},
  ___doi={10.1109/WiMOB.2017.8115846}
}

@article{dc_Decomposition,
    author = {Ahmadi, Amir Ali and Hall, Georgina},
    title = {DC Decomposition of Nonconvex Polynomials with Algebraic Techniques},
    year = {2018},
    issue_date = {May 2018},
    ___publisher = {Springer-Verlag},
    ___address = {Berlin, Heidelberg},
    volume = {169},
    number = {1},
    ___issn = {0025-5610},
    ___url = {https://doi.org/10.1007/s10107-017-1144-5},
    ___doi = {10.1007/s10107-017-1144-5},
    journal = {Math. Program.},
    month = may,
    pages = {69–94},
    numpages = {26}
}

@ARTICLE{chen:interval_matrices,
  author={J. {Chen}},
  journal={IEEE Transactions on Automatic Control}, 
  title={Sufficient conditions on stability of interval matrices: connections and new results}, 
  year={1992},
  volume={37},
  number={4},
  pages={541-544},
  ___doi={10.1109/9.126595}
}

@inproceedings{air_quality_dataset,
  title={Cautionary Tales on Air-Quality Improvement in Beijing},
  author={Zhang, S. and Guo, B. and Dong, A. and He, J. and Xu, Z. and Chen, S.X.},
  booktitle={Proceedings of the Royal Society A},
  volume={472},
  year={2017}
}

@article{survey_on_automatic_differentiation,
    author = {Baydin, At\i{}l\i{}m G\"{u}nes and Pearlmutter, Barak A. and Radul, Alexey Andreyevich and Siskind, Jeffrey Mark},
    title = {Automatic Differentiation in Machine Learning: A Survey},
    year = {2017},
    issue_date = {January 2017},
    ___publisher = {JMLR.org},
    volume = {18},
    number = {1},
    ___issn = {1532-4435},
    journal = {J. Mach. Learn. Res.},
    month = jan,
    pages = {5595–5637},
    numpages = {43},
}

@ARTICLE{2020SciPy_NMeth,
    author  = {Virtanen, Pauli and Gommers, Ralf and Oliphant, Travis E. and Haberland, Matt and Reddy, Tyler and Cournapeau, David and Burovski, Evgeni and Peterson, Pearu and Weckesser, Warren and Bright, Jonathan and {van der Walt}, St{\'e}fan J. and Brett, Matthew and Wilson, Joshua and Millman, K. Jarrod and Mayorov, Nikolay and Nelson, Andrew R. J. and Jones, Eric and Kern, Robert and Larson, Eric and Carey, C J and Polat, {\.I}lhan and Feng, Yu and Moore, Eric W. and {VanderPlas}, Jake and Laxalde, Denis and Perktold, Josef and Cimrman, Robert and Henriksen, Ian and Quintero, E. A. and Harris, Charles R. and Archibald, Anne M. and Ribeiro, Ant{\^o}nio H. and Pedregosa, Fabian and {van Mulbregt}, Paul and {SciPy 1.0 Contributors}},
    title   = {{{SciPy} 1.0: Fundamental Algorithms for Scientific Computing in Python}},
    journal = {Nature Methods},
    year    = {2020},
    volume  = {17},
    pages   = {261--272},
    ___adsurl  = {https://rdcu.be/b08Wh},
    ___doi     = {10.1038/s41592-019-0686-2},
}

@article{interval_matrix_branch_and_bound,
    author = {Dimitrios Nerantzis and Claire S. Adjiman},
    title = {An interval-matrix branch-and-bound algorithm for bounding eigenvalues},
    journal = {Optimization Methods and Software},
    volume = {32},
    number = {4},
    pages = {872-891},
    year  = {2017},
    ___publisher = {Taylor & Francis},
    ___doi = {10.1080/10556788.2016.1184663},
}

@InProceedings{lanczos_algo,
    title = {An Investigation into Neural Net Optimization via Hessian Eigenvalue Density},
    author = {Ghorbani, Behrooz and Krishnan, Shankar and Xiao, Ying},
    booktitle = {Proceedings of the 36th International Conference on Machine Learning},
    pages = {2232--2241},
    year = {2019},
    editor = {Kamalika Chaudhuri and Ruslan Salakhutdinov},
    volume = {97},
    series = {Proceedings of Machine Learning Research},
    month = {09--15 Jun},
    ___publisher = {PMLR},
    ___pdf = {http://proceedings.mlr.press/v97/ghorbani19b/ghorbani19b.pdf},
    ___url = { http://proceedings.mlr.press/v97/ghorbani19b.html },
}

@misc{kddcup99,
  title = {Knowledge discovery in databases DARPA archive. Task Description.},
  year = {1999},
  howpublished = {\url{http://kdd.ics.uci.edu/databases/kddcup99/task.html}}
}

@inproceedings{kayacik2005selecting,
  title={Selecting features for intrusion detection: A feature relevance analysis on KDD 99 intrusion detection datasets},
  author={Kayacik, H G{\"u}nes and Zincir-Heywood, A Nur and Heywood, Malcolm I},
  booktitle={Proceedings of the third annual conference on privacy, security and trust},
  volume={94},
  pages={1723--1722},
  year={2005},
  organization={Citeseer}
}

@article{cormode2013,
    author = {Cormode, Graham},
    title = {The Continuous Distributed Monitoring Model},
    year = {2013},
    issue_date = {March 2013},
    ___publisher = {Association for Computing Machinery},
    ___address = {New York, NY, USA},
    volume = {42},
    number = {1},
    ___issn = {0163-5808},
    ___url = {https://doi.org/10.1145/2481528.2481530},
    ___doi = {10.1145/2481528.2481530},
    journal = {SIGMOD Rec.},
    month = may,
    pages = {5–14},
    numpages = {10}
}

@inproceedings{woodruff2012,
    author = {Woodruff, David P. and Zhang, Qin},
    title = {Tight Bounds for Distributed Functional Monitoring},
    year = {2012},
    ___isbn = {9781450312455},
    ___publisher = {Association for Computing Machinery},
    ___address = {New York, NY, USA},
    ___url = {https://doi.org/10.1145/2213977.2214063},
    ___doi = {10.1145/2213977.2214063},
    booktitle = {Proceedings of the Forty-Fourth Annual ACM Symposium on Theory of Computing},
    pages = {941–960},
    numpages = {20},
    ___location = {New York, New York, USA},
    series = {STOC '12}
}

@article{hartman1959functions,
  title={On functions representable as a difference of convex functions.},
  author={Hartman, Philip and others},
  journal={Pacific Journal of Mathematics},
  volume={9},
  number={3},
  pages={707--713},
  year={1959},
  ___publisher={Pacific Journal of Mathematics}
}

@inproceedings{univmon_2016,
    author = {Liu, Zaoxing and Manousis, Antonis and Vorsanger, Gregory and Sekar, Vyas and Braverman, Vladimir},
    title = {One Sketch to Rule Them All: Rethinking Network Flow Monitoring with UnivMon},
    year = {2016},
    ___isbn = {9781450341936},
    ___publisher = {Association for Computing Machinery},
    ___address = {New York, NY, USA},
    ___url = {https://doi.org/10.1145/2934872.2934906},
    ___doi = {10.1145/2934872.2934906},
    booktitle = {Proceedings of the 2016 ACM SIGCOMM Conference},
    pages = {101–114},
    numpages = {14},
    ___keywords = {Streaming Algorithm, Flow Monitoring, Sketching},
    ___location = {Florianopolis, Brazil},
    series = {SIGCOMM '16}
}

@Article{harris2020array,
    title = {Array programming with {NumPy}},
    author = {Charles R. Harris and K. Jarrod Millman and St{'{e}}fan J.
     van der Walt and Ralf Gommers and Pauli Virtanen and David
     Cournapeau and Eric Wieser and Julian Taylor and Sebastian
     Berg and Nathaniel J. Smith and Robert Kern and Matti Picus
     and Stephan Hoyer and Marten H. van Kerkwijk and Matthew
     Brett and Allan Haldane and Jaime Fern{'{a}}ndez del
     R{'{\i}}o and Mark Wiebe and Pearu Peterson and Pierre
     G{'{e}}rard-Marchant and Kevin Sheppard and Tyler Reddy and
     Warren Weckesser and Hameer Abbasi and Christoph Gohlke and
     Travis E. Oliphant},
    year = {2020},
    month = sep,
    journal = {Nature},
    volume = {585},
    number = {7825},
    pages = {357--362},
    ___doi = {10.1038/s41586-020-2649-2},
    ___publisher = {Springer Science and Business Media {LLC}},
    ___url = {https://doi.org/10.1038/s41586-020-2649-2}
}

@ARTICLE{1992_mlp,
    author={S. K. {Pal} and S. {Mitra}},
    journal={IEEE Transactions on Neural Networks}, 
    title={Multilayer perceptron, fuzzy sets, and classification}, 
    year={1992},
    volume={3},
    number={5},
    pages={683-697},
    ___doi={10.1109/72.159058}
}

@inproceedings{2019_nitrosketch,
    author = {Liu, Zaoxing and Ben-Basat, Ran and Einziger, Gil and Kassner, Yaron and Braverman, Vladimir and Friedman, Roy and Sekar, Vyas},
    title = {Nitrosketch: Robust and General Sketch-Based Monitoring in Software Switches},
    year = {2019},
    ___isbn = {9781450359566},
    ___publisher = {Association for Computing Machinery},
    ___address = {New York, NY, USA},
    ___url = {https://doi.org/10.1145/3341302.3342076},
    ___doi = {10.1145/3341302.3342076},
    booktitle = {Proceedings of the ACM Special Interest Group on Data Communication},
    pages = {334–350},
    numpages = {17},
    ___keywords = {sketch, flow monitoring, software switch, sketching algorithm, virtual switch},
    ___location = {Beijing, China},
    series = {SIGCOMM '19}
}

@article{2013_continuous_distributed_monitoring,
    author = {Cormode, Graham},
    title = {The Continuous Distributed Monitoring Model},
    year = {2013},
    issue_date = {March 2013},
    ___publisher = {Association for Computing Machinery},
    ___address = {New York, NY, USA},
    volume = {42},
    number = {1},
    ___issn = {0163-5808},
    ___url = {https://doi.org/10.1145/2481528.2481530},
    ___doi = {10.1145/2481528.2481530},
    journal = {SIGMOD Rec.},
    month = may,
    pages = {5–14},
    numpages = {10}
}

@inproceedings{2018_sonata,
    author = {Gupta, Arpit and Harrison, Rob and Canini, Marco and Feamster, Nick and Rexford, Jennifer and Willinger, Walter},
    title = {Sonata: Query-Driven Streaming Network Telemetry},
    year = {2018},
    ___isbn = {9781450355674},
    ___publisher = {Association for Computing Machinery},
    ___address = {New York, NY, USA},
    ___url = {https://doi.org/10.1145/3230543.3230555},
    ___doi = {10.1145/3230543.3230555},
    booktitle = {Proceedings of the 2018 Conference of the ACM Special Interest Group on Data Communication},
    pages = {357–371},
    numpages = {15},
    ___keywords = {stream processing, programmable switches, analytics},
    ___location = {Budapest, Hungary},
    series = {SIGCOMM '18}
}

@article{2010_sagy,
    author = {Sagy, Guy and Keren, Daniel and Sharfman, Izchak and Schuster, Assaf},
    title = {Distributed Threshold Querying of General Functions by a Difference of Monotonic Representation},
    year = {2010},
    issue_date = {November 2010},
    ___publisher = {VLDB Endowment},
    volume = {4},
    number = {2},
    ___issn = {2150-8097},
    ___url = {https://doi.org/10.14778/1921071.1921072},
    ___doi = {10.14778/1921071.1921072},
    journal = {Proc. VLDB Endow.},
    month = nov,
    pages = {46–57},
    numpages = {12}
}

@article{amoretti2019enhancing,
    title={Enhancing distributed functional monitoring with quantum protocols},
    author={Amoretti, Michele and Pizzoni, Mattia and Carretta, Stefano},
    journal={Quantum Information Processing},
    volume={18},
    number={12},
    pages={1--25},
    year={2019},
    ___publisher={Springer}
}

@article{Huang2018SketchlearnRU,
  title={Sketchlearn: relieving user burdens in approximate measurement with automated statistical inference},
  author={Qun Huang and Patrick P. C. Lee and Yungang Bao},
  journal={Proceedings of the 2018 Conference of the ACM Special Interest Group on Data Communication},
  year={2018}
}

@inproceedings{2018_elastic_sketch,
    author = {Yang, Tong and Jiang, Jie and Liu, Peng and Huang, Qun and Gong, Junzhi and Zhou, Yang and Miao, Rui and Li, Xiaoming and Uhlig, Steve},
    title = {Elastic Sketch: Adaptive and Fast Network-Wide Measurements},
    year = {2018},
    ___isbn = {9781450355674},
    ___publisher = {Association for Computing Machinery},
    ___address = {New York, NY, USA},
    ___url = {https://doi.org/10.1145/3230543.3230544},
    ___doi = {10.1145/3230543.3230544},
    booktitle = {Proceedings of the 2018 Conference of the ACM Special Interest Group on Data Communication},
    pages = {561–575},
    numpages = {15},
    ___keywords = {elastic, compression, network measurements, generic, sketches},
    ___location = {Budapest, Hungary},
    series = {SIGCOMM '18}
}

@inproceedings{2020_omnimon,
    author = {Huang, Qun and Sun, Haifeng and Lee, Patrick P. C. and Bai, Wei and Zhu, Feng and Bao, Yungang},
    title = {OmniMon: Re-Architecting Network Telemetry with Resource Efficiency and Full Accuracy},
    year = {2020},
    ___isbn = {9781450379557},
    ___publisher = {Association for Computing Machinery},
    ___address = {New York, NY, USA},
    ___url = {https://doi.org/10.1145/3387514.3405877},
    ___doi = {10.1145/3387514.3405877},
    booktitle = {Proceedings of the Annual Conference of the ACM Special Interest Group on Data Communication on the Applications, Technologies, Architectures, and Protocols for Computer Communication},
    pages = {404–421},
    numpages = {18},
    ___keywords = {Distributed systems, Network measurement},
    ___location = {Virtual Event, USA},
    series = {SIGCOMM '20}
}

@article{2021_icde_distance_lemma,
    title={A Distance-Based Scheme for Reducing Bandwidth in Distributed Geometric Monitoring},
    author={Alfassi, Yuval and Gabel, Moshe and Yehuda, Gal and Keren, Daniel},
    journal={37th IEEE International Conference on Data Engineering},
    series = {ICDE '21},
    year = {2021}
}

@inproceedings{samoladas2019functional,
    title={Functional Geometric Monitoring for Distributed Streams},
    author={Samoladas, Vasilis and Garofalakis, Minos N},
    booktitle={EDBT},
    pages={85-96},
    year={2019}
}

@inproceedings{2015_Bohatei,
    author = {Fayaz, Seyed K. and Tobioka, Yoshiaki and Sekar, Vyas and Bailey, Michael},
    title = {Bohatei: Flexible and Elastic DDoS Defense},
    year = {2015},
    ___isbn = {9781931971232},
    ___publisher = {USENIX Association},
    ___address = {USA},
    booktitle = {Proceedings of the 24th USENIX Conference on Security Symposium},
    pages = {817–832},
    numpages = {16},
    ___location = {Washington, D.C.},
    series = {SEC'15}
}

@article{2011_ke_yidistributed_functional_monitoring,
    author = {Cormode, Graham and Muthukrishnan, S. and Yi, Ke},
    title = {Algorithms for Distributed Functional Monitoring},
    year = {2011},
    issue_date = {March 2011},
    ___publisher = {Association for Computing Machinery},
    ___address = {New York, NY, USA},
    volume = {7},
    number = {2},
    ___issn = {1549-6325},
    ___url = {https://doi.org/10.1145/1921659.1921667},
    ___doi = {10.1145/1921659.1921667},
    journal = {ACM Trans. Algorithms},
    month = mar,
    articleno = {21},
    numpages = {20},
    ___keywords = {functional monitoring, Distributed computing}
}

@inproceedings{2008_shape_sensitive_gm,
    author = {Sharfman, Izchak and Schuster, Assaf and Keren, Daniel},
    title = {Shape Sensitive Geometric Monitoring},
    year = {2008},
    ___isbn = {9781605581521},
    ___publisher = {Association for Computing Machinery},
    ___address = {New York, NY, USA},
    ___url = {https://doi.org/10.1145/1376916.1376958},
    ___doi = {10.1145/1376916.1376958},
    booktitle = {Proceedings of the Twenty-Seventh ACM SIGMOD-SIGACT-SIGART Symposium on Principles of Database Systems},
    pages = {301–310},
    numpages = {10},
    ___keywords = {stream systems},
    ___location = {Vancouver, Canada},
    series = {PODS '08}
}

@inproceedings{zero_one_frequency_laws,
    author = {Braverman, Vladimir and Ostrovsky, Rafail},
    title = {Zero-One Frequency Laws},
    year = {2010},
    ___isbn = {9781450300506},
    ___publisher = {Association for Computing Machinery},
    ___address = {New York, NY, USA},
    ___url = {https://doi.org/10.1145/1806689.1806729},
    ___doi = {10.1145/1806689.1806729},
    booktitle = {Proceedings of the Forty-Second ACM Symposium on Theory of Computing},
    pages = {281–290},
    numpages = {10},
    ___keywords = {theory of computation, randomized algorithms, data streams},
    ___location = {Cambridge, Massachusetts, USA},
    series = {STOC '10}
}


@inproceedings{giatrakos2012prediction,
    author = {Giatrakos, Nikos and Deligiannakis, Antonios and Garofalakis, Minos and Sharfman, Izchak and Schuster, Assaf},
    title = {Prediction-Based Geometric Monitoring over Distributed Data Streams},
    year = {2012},
    ___isbn = {9781450312479},
    ___publisher = {Association for Computing Machinery},
    ___address = {New York, NY, USA},
    ___url = {https://doi.org/10.1145/2213836.2213867},
    ___doi = {10.1145/2213836.2213867},
    booktitle = {Proceedings of the 2012 ACM SIGMOD International Conference on Management of Data},
    pages = {265–276},
    numpages = {12},
    ___keywords = {continuous distributed monitoring, data streams, prediction models},
    ___location = {Scottsdale, Arizona, USA},
    series = {SIGMOD '12}
}

@article{anastasi2009energy,
    title = "Energy conservation in wireless sensor networks: A survey",
    journal = "Ad Hoc Networks",
    volume = "7",
    number = "3",
    pages = "537 - 568",
    year = "2009",
    ___issn = "1570-8705",
    ___doi = "https://doi.org/10.1016/j.adhoc.2008.06.003",
    ___url = "http://www.sciencedirect.com/science/article/pii/S1570870508000954",
    author = "Giuseppe Anastasi and Marco Conti and Mario {Di Francesco} and Andrea Passarella"
}

@INPROCEEDINGS{Stylianopoulos2018gmsystems,
    author={C. Stylianopoulos and M. Almgren and O. Landsiedel and M. Papatriantafilou},
    ___booktitle={LCN},
    booktitle={2018 IEEE 43rd Conference on Local Computer Networks (LCN)},   title={Geometric Monitoring in Action: a Systems Perspective for the Internet of Things},
    year={2018},
    pages={433-436}
}

@book{boyd_convex_2004,
	author = {Boyd, Stephen and Vandenberghe, Lieven},
	title = {Convex Optimization},
	year = {2004},
	___isbn = {0521833787},
	___publisher = {Cambridge University Press},
	___address = {New York, NY, USA},
	keywords = {Convex functions, Mathematical optimization},
}

@article{2019_yu_network_telemetry,
    author = {Yu, Minlan},
    title = {Network Telemetry: Towards a Top-down Approach},
    year = {2019},
    issue_date = {January 2019},
    ___publisher = {Association for Computing Machinery},
    ___address = {New York, NY, USA},
    volume = {49},
    number = {1},
    ___issn = {0146-4833},
    ___url = {https://doi.org/10.1145/3314212.3314215},
    ___doi = {10.1145/3314212.3314215},
    journal = {SIGCOMM Comput. Commun. Rev.},
    month = feb,
    pages = {11–17},
    numpages = {7},
    ___keywords = {network management, network telemetry}
}

@inproceedings{2013_opensketch,
    author = {Yu, Minlan and Jose, Lavanya and Miao, Rui},
    title = {Software Defined Traffic Measurement with OpenSketch},
    year = {2013},
    ___publisher = {USENIX Association},
    ___address = {USA},
    booktitle = {Proceedings of the 10th USENIX Conference on Networked Systems Design and Implementation},
    pages = {29–42},
    numpages = {14},
    ___location = {Lombard, IL},
    series = {nsdi'13}
}

@inproceedings{2007_rusu_statistical_analysis_of_sketch_estimators,
    author = {Rusu, Florin and Dobra, Alin},
    title = {Statistical Analysis of Sketch Estimators},
    year = {2007},
    ___isbn = {9781595936868},
    ___publisher = {Association for Computing Machinery},
    ___address = {New York, NY, USA},
    ___url = {https://doi.org/10.1145/1247480.1247503},
    ___doi = {10.1145/1247480.1247503},
    booktitle = {Proceedings of the 2007 ACM SIGMOD International Conference on Management of Data},
    pages = {187–198},
    numpages = {12},
    ___keywords = {AGMS sketches, size of join estimation, fast-AGMS sketches, fast-count sketches, count-min sketches},
    ___location = {Beijing, China},
    series = {SIGMOD '07}
}

@inproceedings{Li_2014_Turnstile,
    author = {Li, Yi and Nguyen, Huy L. and Woodruff, David P.},
    title = {Turnstile Streaming Algorithms Might as Well Be Linear Sketches},
    year = {2014},
    ___isbn = {9781450327107},
    ___publisher = {Association for Computing Machinery},
    ___address = {New York, NY, USA},
    ___url = {https://doi.org/10.1145/2591796.2591812},
    ___doi = {10.1145/2591796.2591812},
    booktitle = {Proceedings of the Forty-Sixth Annual ACM Symposium on Theory of Computing},
    pages = {174–183},
    numpages = {10},
    ___keywords = {communication complexity, linear sketches, lower bounds, streaming algorithms},
    ___location = {New York, New York},
    series = {STOC '14}
}


@article{garofalakis2013sketch,
    author = {Garofalakis, Minos and Keren, Daniel and Samoladas, Vasilis},
    title = {Sketch-Based Geometric Monitoring of Distributed Stream Queries},
    year = {2013},
    issue_date = {August 2013},
    ___publisher = {VLDB Endowment},
    volume = {6},
    number = {10},
    ___issn = {2150-8097},
    ___url = {https://doi.org/10.14778/2536206.2536220},
    ___doi = {10.14778/2536206.2536220},
    journal = {Proc. VLDB Endow.},
    month = aug,
    pages = {937–948},
    numpages = {12}
}

@article{2008_bound_hessian_eigenvalues,
    author = {M\"{o}nnigmann, M.},
    title = {Efficient Calculation of Bounds on Spectra of Hessian Matrices},
    year = {2008},
    issue_date = {June 2008},
    ___publisher = {Society for Industrial and Applied Mathematics},
    ___address = {USA},
    volume = {30},
    number = {5},
    ___issn = {1064-8275},
    ___url = {https://doi.org/10.1137/070704186},
    ___doi = {10.1137/070704186},
    journal = {SIAM J. Sci. Comput.},
    month = jul,
    pages = {2340–2357},
    numpages = {18},
    ___keywords = {spectral bounds, eigenvalue bounds, Hessian}
}

@inproceedings{2016_flowradar,
    author = {Li, Yuliang and Miao, Rui and Kim, Changhoon and Yu, Minlan},
    title = {FlowRadar: A Better NetFlow for Data Centers},
    year = {2016},
    ___isbn = {9781931971294},
    ___publisher = {USENIX Association},
    ___address = {USA},
    booktitle = {Proceedings of the 13th Usenix Conference on Networked Systems Design and Implementation},
    pages = {311–324},
    numpages = {14},
    ___location = {Santa Clara, CA},
    series = {NSDI'16}
}


@article{flink,
  title={Apache {Flink}: Stream and batch processing in a single engine},
  author={Carbone, Paris and Katsifodimos, Asterios and Ewen, Stephan and Markl, Volker and Haridi, Seif and Tzoumas, Kostas},
  journal={Bulletin of the IEEE Computer Society Technical Committee on Data Engineering},
  volume={36},
  number={4},
  year={2015},
  publisher={IEEE Computer Society}
}

@article{spark,
  title={Apache {Spark}: a unified engine for big data processing},
  author={Zaharia, Matei and Xin, Reynold S and Wendell, Patrick and Das, Tathagata and Armbrust, Michael and Dave, Ankur and Meng, Xiangrui and Rosen, Josh and Venkataraman, Shivaram and Franklin, Michael J and others},
  journal={Communications of the ACM},
  volume={59},
  number={11},
  pages={56--65},
  year={2016},
  publisher={ACM}
} 

@inproceedings {nemo,
author = {Youngseok Yang and Jeongyoon Eo and Geon-Woo Kim and Joo Yeon Kim and Sanha Lee and Jangho Seo and Won Wook Song and Byung-Gon Chun},
title = {Apache Nemo: A Framework for Building Distributed Dataflow Optimization Policies},
booktitle = {2019 {USENIX} Annual Technical Conference ({USENIX} {ATC} 19)},
year = {2019},
___isbn = {978-1-939133-03-8},
___address = {Renton, WA},
pages = {177--190},
___url = {https://www.usenix.org/conference/atc19/presentation/yang-youngseok},
___publisher = {{USENIX} Association},
___month = jul,
}


@INPROCEEDINGS{papapetrou2014skylines,
  author={Papapetrou, Odysseas and Garofalakis, Minos},
  booktitle={2014 IEEE 30th International Conference on Data Engineering}, 
  title={Continuous fragmented skylines over distributed streams}, 
  year={2014},
  volume={},
  number={},
  pages={124-135},
  ___doi={10.1109/ICDE.2014.6816645}
}


@INPROCEEDINGS{yeuda2017graph,
  author={Yehuda, Gal and Keren, Daniel and Akaria, Islam},
  booktitle={2017 IEEE International Parallel and Distributed Processing Symposium (IPDPS)}, 
  title={Monitoring Properties of Large, Distributed, Dynamic Graphs}, 
  year={2017},
  volume={},
  number={},
  pages={2-11},
  ___doi={10.1109/IPDPS.2017.123}
}


@inproceedings{benbasat2018memento,
author = {Ben Basat, Ran and Einziger, Gil and Keslassy, Isaac and Orda, Ariel and Vargaftik, Shay and Waisbard, Erez},
title = {Memento: Making Sliding Windows Efficient for Heavy Hitters},
year = {2018},
___isbn = {9781450360807},
___publisher = {Association for Computing Machinery},
___address = {New York, NY, USA},
___url = {https://doi.org/10.1145/3281411.3281427},
___doi = {10.1145/3281411.3281427},
booktitle = {Proceedings of the 14th International Conference on Emerging Networking EXperiments and Technologies},
pages = {254–266},
numpages = {13},
___location = {Heraklion, Greece},
series = {CoNEXT '18}
}

@INPROCEEDINGS{mortazavi2020feather,
  author={Mortazavi, Seyed Hossein and Salehe, Mohammad and Gabel, Moshe and Lara, Eyal de},
  booktitle={2020 IEEE/ACM Symposium on Edge Computing (SEC)}, 
  title={Feather: Hierarchical Querying for the Edge}, 
  year={2020},
  volume={},
  number={},
  pages={271-284},
  ___doi={10.1109/SEC50012.2020.00039}
}


@article{10.1145/3093337.3037698,
author = {Kang, Yiping and Hauswald, Johann and Gao, Cao and Rovinski, Austin and Mudge, Trevor and Mars, Jason and Tang, Lingjia},
title = {Neurosurgeon: Collaborative Intelligence Between the Cloud and Mobile Edge},
year = {2017},
issue_date = {March 2017},
publisher = {Association for Computing Machinery},
address = {New York, NY, USA},
volume = {45},
number = {1},
issn = {0163-5964},
url = {https://doi.org/10.1145/3093337.3037698},
doi = {10.1145/3093337.3037698},
journal = {SIGARCH Comput. Archit. News},
month = apr,
pages = {615–629},
numpages = {15},
keywords = {intelligent applications, deep neural networks, cloud computing, mobile computing}
}

  

@inproceedings{kang2017neurosurgeon,
author = {Kang, Yiping and Hauswald, Johann and Gao, Cao and Rovinski, Austin and Mudge, Trevor and Mars, Jason and Tang, Lingjia},
title = {Neurosurgeon: Collaborative Intelligence Between the Cloud and Mobile Edge},
year = {2017},
___isbn = {9781450344654},
___publisher = {Association for Computing Machinery},
___address = {New York, NY, USA},
___url = {https://doi.org/10.1145/3037697.3037698},
___doi = {10.1145/3037697.3037698},
booktitle = {Proceedings of the Twenty-Second International Conference on Architectural Support for Programming Languages and Operating Systems},
pages = {615–629},
numpages = {15},
keywords = {mobile computing, intelligent applications, deep neural networks, cloud computing},
___location = {Xi'an, China},
series = {ASPLOS '17}
}

  

@INPROCEEDINGS{yang20202distributed, 
    author={Yang, Jianye and Zhang, Wenjie and Wang, Xiang and Zhang, Ying and Lin, Xuemin},
    booktitle={2020 IEEE 36th International Conference on Data Engineering (ICDE)}, 
    title={Distributed Streaming Set Similarity Join},  
    year={2020},  
    volume={}, 
    number={}, 
    pages={565-576},  
    ___doi={10.1109/ICDE48307.2020.00055}
}




@article{Huang2020jmlr,
  author  = {Zengfeng Huang and Xuemin Lin and Wenjie Zhang and Ying Zhang},
  title   = {Communication-Efficient Distributed Covariance Sketch, with Application to Distributed PCA},
  journal = {Journal of Machine Learning Research},
  year    = {2021},
  volume  = {22},
  number  = {80},
  pages   = {1-38},
  ___url     = {http://jmlr.org/papers/v22/20-705.html}
}

@misc{flinkuserdefined,
  title = {User-Defined Functions},
  author = {Flink},
  year = {2015},
  url = {https://ci.apache.org/projects/flink/flink-docs-release-1.13/docs/dev/datastream/user_defined_functions}
}

@inproceedings{gaia,
author = {Hsieh, Kevin and Harlap, Aaron and Vijaykumar, Nandita and Konomis, Dimitris and Ganger, Gregory R. and Gibbons, Phillip B. and Mutlu, Onur},
title = {Gaia: Geo-Distributed Machine Learning Approaching LAN Speeds},
year = {2017},
___isbn = {9781931971379},
publisher = {USENIX Association},
address = {USA},
booktitle = {Proceedings of the 14th USENIX Conference on Networked Systems Design and Implementation},
pages = {629–647},
numpages = {19},
location = {Boston, MA, USA},
series = {NSDI'17}
}

@inproceedings{wanalytics,
author = {Vulimiri, Ashish and Curino, Carlo and Godfrey, Philip Brighten and Jungblut, Thomas and Karanasos, Konstantinos and Padhye, Jitendra and Varghese, George},
title = {WANalytics: Geo-Distributed Analytics for a Data Intensive World},
year = {2015},
___isbn = {9781450327589},
publisher = {Association for Computing Machinery},
address = {New York, NY, USA},
___url = {https://doi.org/10.1145/2723372.2735365},
___doi = {10.1145/2723372.2735365},
booktitle = {Proceedings of the 2015 ACM SIGMOD International Conference on Management of Data},
pages = {1087–1092},
numpages = {6},
___keywords = {olap, sovereignty, geo-distribution, federation, analytics},
location = {Melbourne, Victoria, Australia},
series = {SIGMOD '15}
}

@article{iridium,
author = {Pu, Qifan and Ananthanarayanan, Ganesh and Bodik, Peter and Kandula, Srikanth and Akella, Aditya and Bahl, Paramvir and Stoica, Ion},
title = {Low Latency Geo-Distributed Data Analytics},
year = {2015},
issue_date = {October 2015},
publisher = {Association for Computing Machinery},
address = {New York, NY, USA},
volume = {45},
number = {4},
___issn = {0146-4833},
___url = {https://doi.org/10.1145/2829988.2787505},
___doi = {10.1145/2829988.2787505},
journal = {SIGCOMM Comput. Commun. Rev.},
month = aug,
pages = {421–434},
numpages = {14},
___keywords = {low latency, network aware, wan analytics, data analytics, geo-distributed}
}

@article{pixida,
author = {Kloudas, Konstantinos and Mamede, Margarida and Pregui\c{c}a, Nuno and Rodrigues, Rodrigo},
title = {Pixida: Optimizing Data Parallel Jobs in Wide-Area Data Analytics},
year = {2015},
issue_date = {October 2015},
publisher = {VLDB Endowment},
volume = {9},
number = {2},
___issn = {2150-8097},
___url = {https://doi.org/10.14778/2850578.2850582},
___doi = {10.14778/2850578.2850582},
journal = {Proc. VLDB Endow.},
month = oct,
pages = {72–83},
numpages = {12}
}

@inproceedings{DBLP:conf/sdm/BhaduriK08,
  author    = {Kanishka Bhaduri and
               Hillol Kargupta},
  title     = {An Efficient Local Algorithm for Distributed Multivariate Regression
               in Peer-to-Peer Networks},
  booktitle = {Proc. SDM},
  year      = {2008},
  crossref  = {DBLP:conf/sdm/2008},
  url       = {http://dx.doi.org/10.1137/1.9781611972788.14},
  doi       = {10.1137/1.9781611972788.14},
  timestamp = {Wed, 12 Feb 2014 17:08:15 +0100},
  biburl    = {http://dblp.uni-trier.de/rec/bib/conf/sdm/BhaduriK08},
  bibsource = {dblp computer science bibliography, http://dblp.org}
}
@inbook{bhaduri2008local,
author = {Kanishka Bhaduri and Hillol Kargupta},
title = {An efficient local Algorithm for Distributed Multivariate Regression in Peer-to-Peer Networks},
booktitle = {Proceedings of the 2008 SIAM International Conference on Data Mining (SDM)},
pages = {153-164},
year={2008},
___doi = {10.1137/1.9781611972788.14},
___URL = {https://epubs.siam.org/doi/abs/10.1137/1.9781611972788.14},
___eprint = {https://epubs.siam.org/doi/pdf/10.1137/1.9781611972788.14}
}


@ARTICLE{keren2014heterogeneous,
  author={Keren, Daniel and Sagy, Guy and Abboud, Amir and Ben-David, David and Schuster, Assaf and Sharfman, Izchak and Deligiannakis, Antonios},
  journal={IEEE Transactions on Knowledge and Data Engineering}, 
  title={Geometric Monitoring of Heterogeneous Streams}, 
  year={2014},
  volume={26},
  number={8},
  pages={1890-1903},
  doi={10.1109/TKDE.2013.180}
  }


@inproceedings{DPaxos,
author = {Nawab, Faisal and Agrawal, Divyakant and El Abbadi, Amr},
title = {{DPaxos}: Managing Data Closer to Users for Low-Latency and Mobile Applications},
year = {2018},
___isbn = {9781450347037},
___publisher = {Association for Computing Machinery},
___address = {New York, NY, USA},
___url = {https://doi.org/10.1145/3183713.3196928},
___doi = {10.1145/3183713.3196928},
booktitle = {Proceedings of the 2018 International Conference on Management of Data},
pages = {1221–1236},
numpages = {16},
___keywords = {multi-datacenter, transaction processing, geo-replication, edge computing, paxos},
___location = {Houston, TX, USA},
___series = {SIGMOD '18}
}

@inproceedings{ZooKeeper,
  author = {Hunt, Patrick and Konar, Mahadev and Junqueira, Flavio P. and Reed, Benjamin},
  title = {{ZooKeeper}: Wait-Free Coordination for Internet-Scale Systems},
  year = {2010},
  ___publisher = {USENIX Association},
  ___address = {USA},
  booktitle = {Proceedings of the 2010 USENIX Conference on USENIX Annual Technical Conference},
  ___pages = {11},
  ___numpages = {1},
  ___location = {Boston, MA},
  ___series = {USENIXATC'10}
}

@inproceedings{gigascope,
author = {Cranor, Chuck and Johnson, Theodore and Spataschek, Oliver and Shkapenyuk, Vladislav},
title = {Gigascope: A Stream Database for Network Applications},
year = {2003},
___isbn = {158113634X},
publisher = {Association for Computing Machinery},
address = {New York, NY, USA},
___url = {https://doi.org/10.1145/872757.872838},
___doi = {10.1145/872757.872838},
booktitle = {Proceedings of the 2003 ACM SIGMOD International Conference on Management of Data},
pages = {647–651},
numpages = {5},
location = {San Diego, California},
series = {SIGMOD '03}
}

@article{10.1016/j.cose.2014.05.011,
author = {Garc\'{\i}a, S. and Grill, M. and Stiborek, J. and Zunino, A.},
title = {An Empirical Comparison of Botnet Detection Methods},
year = {2014},
issue_date = {September, 2014},
publisher = {Elsevier Advanced Technology Publications},
address = {GBR},
volume = {45},
___issn = {0167-4048},
___url = {https://doi.org/10.1016/j.cose.2014.05.011},
___doi = {10.1016/j.cose.2014.05.011},
journal = {Comput. Secur.},
month = sep,
pages = {100–123},
numpages = {24},
}

@inproceedings{10.4108/eai.3-12-2015.2262516,
author = {Javaid, Ahmad and Niyaz, Quamar and Sun, Weiqing and Alam, Mansoor},
title = {A Deep Learning Approach for Network Intrusion Detection System},
year = {2016},
___isbn = {9781631901003},
publisher = {ICST (Institute for Computer Sciences, Social-Informatics and Telecommunications Engineering)},
address = {Brussels, BEL},
___url = {https://doi.org/10.4108/eai.3-12-2015.2262516},
___doi = {10.4108/eai.3-12-2015.2262516},
booktitle = {Proceedings of the 9th EAI International Conference on Bio-Inspired Information and Communications Technologies (Formerly BIONETICS)},
pages = {21–26},
numpages = {6},
location = {New York City, United States},
series = {BICT'15}
}

@misc{amazonecs,
  title = {Amazon Elastic Container Service},
  author = {Amazon},
  year={2021},
  url = {https://aws.amazon.com/ecs}
}

@misc{zeromq,
  author = {The ZeroMQ authors},
  title = {ZeroMQ},
  year={2021},
  url = {https://zeromq.org}
}

@misc{nethogs,
  author = {Arnout Engelen},
  title = {Nethogs},
  year={2020},
  url = {https://github.com/raboof/nethogs}}
}


@misc{aws_latency_monitoring,
  author = {Matt Adorjan},
  title = {AWS Latency Monitoring},
  url = {https://www.cloudping.co/grid/latency/timeframe/1D}}
}

@ARTICLE{8066291,
  author={Yin, Chuanlong and Zhu, Yuefei and Fei, Jinlong and He, Xinzheng},
  journal={IEEE Access}, 
  title={A Deep Learning Approach for Intrusion Detection Using Recurrent Neural Networks}, 
  year={2017},
  volume={5},
  number={},
  pages={21954-21961},
  ___doi={10.1109/ACCESS.2017.2762418}
}

@book{steinwart2008support,
title={Support vector machines},
author={Steinwart, Ingo and Christmann, Andreas},
year={2008},
publisher={Springer Science}
}

@article{sinha2017survey,
  title={A survey on {LPWA} technology: LoRa and NB-IoT},
  author={Sinha, Rashmi Sharan and Wei, Yiqiao and Hwang, Seung-Hoon},
  journal={Ict Express},
  volume={3},
  number={1},
  pages={14--21},
  year={2017},
  publisher={Elsevier}
}


%%%%%%%%%%%%%%%%%%%%%%%%% Added after revision

@article{sharfman_2007,
author = {Sharfman, Izchak and Schuster, Assaf and Keren, Daniel},
year = {2007},
month = {11},
pages = {},
title = {A Geometric Approach to Monitoring Threshold Functions over Distributed Data Streams},
volume = {32},
___isbn = {978-3-642-16391-3},
journal = {ACM Trans. Database Syst.},
___doi = {10.1145/1292609.1292613}
}

@article{lazerson_2015,
author = {Lazerson, Arnon and Sharfman, Izchak and Keren, Daniel and Schuster, Assaf and Garofalakis, Minos and Samoladas, Vasilis},
year = {2015},
month = {01},
pages = {545-556},
title = {Monitoring Distributed Streams using Convex Decompositions},
volume = {8},
journal = {Proceedings of the VLDB Endowment},
___doi = {10.14778/2735479.2735487}
}

@article{giatrakos_2014,
author = {Giatrakos, Nikos and Deligiannakis, Antonios and Garofalakis, Minos and Sharfman, Izchak and Schuster, Assaf},
title = {Distributed Geometric Query Monitoring Using Prediction Models},
year = {2014},
issue_date = {May 2014},
publisher = {Association for Computing Machinery},
address = {New York, NY, USA},
volume = {39},
number = {2},
___issn = {0362-5915},
___url = {https://doi.org/10.1145/2602137},
___doi = {10.1145/2602137},
journal = {ACM Trans. Database Syst.},
month = {may},
articleno = {16},
numpages = {42},
___keywords = {prediction models, Continuous distributed monitoring, data streams}
}

@inproceedings{friedman_2014,
  title={Privacy-Preserving Distributed Stream Monitoring},
  author={Arik Friedman and Izchak Sharfman and Daniel Keren and Assaf Schuster},
  ___booktitle={NDSS},
  booktitle = {21st Annual Network and Distributed System Security Symposium {NDSS}},
  year={2014}
}

@ARTICLE{keren_2012,
  author={Keren, Daniel and Sharfman, Izchak and Schuster, Assaf and Livne, Avishay},
  journal={IEEE Transactions on Knowledge and Data Engineering}, 
  title={Shape Sensitive Geometric Monitoring}, 
  year={2012},
  volume={24},
  number={8},
  pages={1520-1535},
  ___doi={10.1109/TKDE.2011.102}
}

@InProceedings{ecmlpkdd2019,
author="Sivan, Hadar and Gabel, Moshe and Schuster, Assaf",
___editor="Brefeld, Ulf and Fromont, Elisa and Hotho, Andreas and Knobbe, Arno and Maathuis, Marloes and Robardet, C{\'e}line",
title="Online Linear Models for Edge Computing",
booktitle="Machine Learning and Knowledge Discovery in Databases",
series={{ECML} {PKDD} 2019},
year="2020",
___publisher="Springer International Publishing",
___address="Cham",
pages="645--661",
___isbn="978-3-030-46150-8"
}


@InProceedings{ecmlpkdd2020,
author="Sivan, Hadar
and Gabel, Moshe
and Schuster, Assaf",
___editor="Hutter, Frank
and Kersting, Kristian
and Lijffijt, Jefrey
and Valera, Isabel",
title="Incremental Sensitivity Analysis for Kernelized Models",
booktitle="Machine Learning and Knowledge Discovery in Databases",
year="2021",
___publisher="Springer International Publishing",
___address="Cham",
pages="383--398",
___isbn="978-3-030-67661-2",
series={{ECML} {PKDD} 2020},
}

@inproceedings{liu2021sketchy,
  title={Sketchy With a Chance of Adoption: Can Sketch-Based Telemetry Be Ready for Prime Time?},
  author={Liu, Zaoxing and Namkung, Hun and Agarwal, Anup and Manousis, Antonis and Steenkiste, Peter and Seshan, Srinivasan and Sekar, Vyas},
  booktitle={2021 IEEE 7th International Conference on Network Softwarization (NetSoft)},
  pages={9--16},
  year={2021},
  organization={IEEE}
}



@inproceedings{tiwari2019reconfigurable,
author = {Tiwari, Abhishek and Ramprasad, Brian and Mortazavi, Seyed Hossein and Gabel, Moshe and Lara, Eyal de},
title = {Reconfigurable Streaming for the Mobile Edge},
year = {2019},
___isbn = {9781450362733},
publisher = {Association for Computing Machinery},
___address = {New York, NY, USA},
___url = {https://doi.org/10.1145/3301293.3302355},
___doi = {10.1145/3301293.3302355},
booktitle = {Proceedings of the 20th International Workshop on Mobile Computing Systems and Applications},
pages = {153–158},
numpages = {6},
location = {Santa Cruz, CA, USA},
series = {HotMobile '19}
}